@misc{fairplay,
  title = {Fair Play},
  howpublished = {\url{https://ranj.nl/projects/education#fair-play}},
  note = {[Bezocht op: 17 december, 2017]}
}

% Interviews
@misc{interviewivo,
	title = {Afstudeerstage onderwerpen gesprek met Ivo},
	year = {2017},
	month = {december},
	day = {12},
	howpublished = {priv√© interview}
}