@book{designpatternsgangoffour,
    author = "Erich, Gamma and John, Vlissides and Ralph, Johnson and Richard, Helm",
    title = "Design Patterns",
    publisher = "Addison-Wesley",
    year = "1994",
    month = "10"
}
@book{gameprogrammingpatterns,
    author = "Robert, Nystrom",
    title = "Game Programming Patterns",
    publisher = "Genever Benning",
    year = "2014"
}

% Interviews
@misc{interviewivo,
	title = {Afstudeerstage onderwerpen gesprek met Ivo},
	year = {2017},
	month = {december},
	day = {12},
	howpublished = {priv√© interview}
}