Automatically generated by Mendeley Desktop 1.18
Any changes to this file will be lost if it is regenerated by Mendeley.

BibTeX export options can be customized via Options -> BibTeX in Mendeley Desktop

@misc{StackOverflowFlexQuestions,
title = {{Newest 'flex' Questions - Stack Overflow}},
url = {https://stackoverflow.com/questions/tagged/flex},
urldate = {2018-05-24}
}
@misc{StackOverflowSurvey2018,
author = {{Stack Overflow}},
title = {{Stack Overflow Developer Survey 2018}},
url = {https://insights.stackoverflow.com/survey/2018/{\#}technology},
urldate = {2018-05-24},
year = {2018}
}
@misc{FlashWillBeBlocked,
title = {{All the Major Browsers Will Soon Block Flash, is Your Website Ready?}},
url = {https://petapixel.com/2016/08/17/major-browsers-will-soon-block-flash-website-ready/},
urldate = {2018-05-24},
year = {2016}
}
@misc{ApacheFlex,
title = {{Apache Flex{\textregistered}}},
url = {http://flex.apache.org/},
urldate = {2018-05-24}
}
@misc{AdobeFlashFuture,
author = {Adobe},
title = {{Flash {\&} The Future of Interactive Content | Adobe Blog}},
url = {https://theblog.adobe.com/adobe-flash-update/},
urldate = {2018-05-24},
year = {2017}
}
@misc{BlogTechStack,
title = {{What Is a Technology Stack and Why Do I Need One}},
url = {https://blog.hubstaff.com/technology-stack/},
urldate = {2018-05-24},
year = {2017}
}
@misc{StackShareCategories,
title = {{Open Source {\&} SaaS Tools | StackShare}},
url = {https://stackshare.io/categories},
urldate = {2018-05-24}
}
@misc{WhatIsApacheFlex,
author = {Curcuru, Shane},
title = {{What is Apache Flex? Website Branding Review â€” Community Over Code}},
url = {https://communityovercode.com/2016/02/what-is-apache-flex-website-branding-review/},
urldate = {2018-05-24},
year = {2016}
}
