Automatically generated by Mendeley Desktop 1.18
Any changes to this file will be lost if it is regenerated by Mendeley.

BibTeX export options can be customized via Options -> BibTeX in Mendeley Desktop

@misc{FromNWToElectronZhaoCheng,
author = {{Zhao Cheng}},
title = {{From node-webkit to Electron 1.0}},
url = {http://cheng.guru/blog/2016/05/13/from-node-webkit-to-electron-1-0.html},
urldate = {2018-05-16}
}
@misc{ApacheFlex,
title = {{Apache Flex{\textregistered}}},
url = {http://flex.apache.org/},
urldate = {2018-05-24}
}
@misc{GithubElectron,
title = {{electron/electron: Build cross platform desktop apps with JavaScript, HTML, and CSS}},
url = {https://github.com/electron/electron},
urldate = {2018-05-11}
}
@misc{StackOverflowQtQuestions,
title = {{Newest 'qt' Questions - Stack Overflow}},
url = {https://stackoverflow.com/questions/tagged/qt},
urldate = {2018-05-16}
}
@misc{WhatIsApacheFlexJS,
title = {{FlexJS (legacy) - Apache Flex - Apache Software Foundation}},
url = {https://cwiki.apache.org/confluence/pages/viewpage.action?pageId=34013930},
urldate = {2018-05-26}
}
@misc{QtDiagramExample,
title = {{Diagram Scene Example | Qt Widgets 5.11}},
url = {http://doc.qt.io/qt-5/qtwidgets-graphicsview-diagramscene-example.html},
urldate = {2018-05-16}
}
@misc{HaxeGithubTrending,
title = {{Trending Haxe repositories on GitHub this month}},
url = {https://github.com/trending/haxe?since=monthly},
urldate = {2018-05-08}
}
@misc{StackShareCategories,
title = {{Open Source {\&} SaaS Tools | StackShare}},
url = {https://stackshare.io/categories},
urldate = {2018-05-24}
}
@misc{HaxeCommunitySupport,
title = {{Haxe - The Cross-platform Toolkit}},
url = {https://haxe.org/community/community-support.html},
urldate = {2018-05-05}
}
@misc{QtCutelyst,
title = {{Cutelyst}},
url = {https://cutelyst.org/},
urldate = {2018-05-11}
}
@misc{QtLicense,
title = {{Download Qt: Choose commercial or open source}},
url = {https://www.qt.io/download},
urldate = {2018-05-16}
}
@misc{HaxeSummitSince2014,
title = {{World Wide Haxe 2014 - Haxe - The Cross-platform Toolkit}},
url = {https://haxe.org/videos/conferences/wwx-2014/},
urldate = {2018-05-08}
}
@misc{Qt,
title = {{Qt | Cross-platform software development for embedded {\&} desktop}},
url = {https://www.qt.io/},
urldate = {2018-05-16}
}
@misc{AtomShellIsNowElectron,
author = {{Sawicki Kevin}},
title = {{Atom Shell is now Electron | Electron Blog}},
url = {https://electronjs.org/blog/electron},
urldate = {2018-05-08}
}
@misc{FlashWillBeBlocked,
title = {{All the Major Browsers Will Soon Block Flash, is Your Website Ready?}},
url = {https://petapixel.com/2016/08/17/major-browsers-will-soon-block-flash-website-ready/},
urldate = {2018-05-24},
year = {2016}
}
@misc{QtForum,
title = {{Home | Qt Forum}},
url = {https://forum.qt.io/},
urldate = {2018-05-16}
}
@misc{ElectronJS,
title = {{Electron | Bouw cross-platform desktop apps met JavaScript, HTML, en CSS.}},
url = {https://electronjs.org/},
urldate = {2018-05-11}
}
@misc{HaxeUsingExternalJavaScriptLibraries,
title = {{Haxe - The Cross-platform Toolkit}},
url = {https://haxe.org/manual/target-javascript-external-libraries.html},
urldate = {2018-05-05}
}
@misc{NWGitHub,
title = {{nwjs/nw.js: Call all Node.js modules directly from DOM/WebWorker and enable a new way of writing applications with all Web technologies.}},
url = {https://github.com/nwjs/nw.js},
urldate = {2018-05-11}
}
@misc{WtQt,
title = {{Wt, C++ Web Toolkit — Emweb}},
url = {https://www.webtoolkit.eu/wt},
urldate = {2018-05-11}
}
@misc{AMDQt,
title = {{Qt enhances user experience on AMD's Radeon Software Crimson Edition graphic software - Qt}},
url = {https://www1.qt.io/qt-news/qt-enhances-user-experience-amds-radeon-software-crimson-edition-graphic-software/},
urldate = {2018-05-11}
}
@misc{GithubAbout,
title = {{About Github}},
url = {https://github.com/about},
urldate = {2018-05-08}
}
@misc{CompilerTargetsHaxe,
title = {{Compiler Targets - Haxe - The Cross-platform Toolkit}},
url = {https://haxe.org/documentation/introduction/compiler-targets.html},
urldate = {2018-04-06}
}
@misc{BlogTechStack,
title = {{What Is a Technology Stack and Why Do I Need One}},
url = {https://blog.hubstaff.com/technology-stack/},
urldate = {2018-05-24},
year = {2017}
}
@misc{VideoLanQt,
title = {{Qt Interface - VideoLAN Wiki}},
url = {https://wiki.videolan.org/Qt{\_}Interface/},
urldate = {2018-05-11}
}
@misc{StackOverflowSurvey2018,
author = {{Stack Overflow}},
title = {{Stack Overflow Developer Survey 2018}},
url = {https://insights.stackoverflow.com/survey/2018/{\#}technology},
urldate = {2018-05-24},
year = {2018}
}
@misc{StackOverflowNW,
title = {{Newest 'nwjs' Questions - Stack Overflow}},
url = {https://stackoverflow.com/questions/tagged/nwjs},
urldate = {2018-05-11}
}
@misc{ValveQt,
title = {{Qt - Valve Developer Community}},
url = {https://developer.valvesoftware.com/wiki/Qt},
urldate = {2018-05-16}
}
@misc{NWJSApps,
title = {{List of apps and companies using nw.js {\textperiodcentered} nwjs/nw.js Wiki}},
url = {https://github.com/nwjs/nw.js/wiki/List-of-apps-and-companies-using-nw.js},
urldate = {2018-05-11}
}
@misc{StartOfAtomShell,
title = {{Release v0.1.0: Update node: use node's implementation of setImmediate. {\textperiodcentered} electron/electron}},
url = {https://github.com/electron/electron/releases/tag/v0.1.0},
urldate = {2018-05-08}
}
@misc{AdobeFlashFuture,
author = {Adobe},
title = {{Flash {\&} The Future of Interactive Content | Adobe Blog}},
url = {https://theblog.adobe.com/adobe-flash-update/},
urldate = {2018-05-24},
year = {2017}
}
@misc{StackOverflowFlexQuestions,
title = {{Newest 'flex' Questions - Stack Overflow}},
url = {https://stackoverflow.com/questions/tagged/flex},
urldate = {2018-05-24}
}
@misc{WhatIsApacheFlex,
author = {Curcuru, Shane},
title = {{What is Apache Flex? Website Branding Review — Community Over Code}},
url = {https://communityovercode.com/2016/02/what-is-apache-flex-website-branding-review/},
urldate = {2018-05-24},
year = {2016}
}
@misc{QtWebKit,
title = {{Qt WebKit - Qt Wiki}},
url = {https://wiki.qt.io/Qt{\_}WebKit},
urldate = {2018-05-11}
}
@misc{StackOverflowAnnualSurvey2018,
title = {{Stack Overflow Developer Survey 2018}},
url = {https://insights.stackoverflow.com/survey/2018},
urldate = {2018-05-12}
}
@misc{QtLanguageBindings,
title = {{Language Bindings - Qt Wiki}},
url = {http://wiki.qt.io/Language{\_}Bindings},
urldate = {2018-05-16}
}
@misc{BlizzardQt,
title = {{Blizzard/qt: Blizzard's additions/modifications to Qt5}},
url = {https://github.com/Blizzard/qt},
urldate = {2018-05-11}
}
@misc{ApacheFlexJSDownload,
title = {{Apache Flex{\textregistered} - Download Apache FlexJS}},
url = {http://flex.apache.org/download-flexjs.html},
urldate = {2018-05-16}
}
@misc{HaxeSummit,
title = {{Haxe Summit 2018 in Seattle}},
url = {https://summit.haxe.org/us/2018/},
urldate = {2018-05-06}
}
